@book{chernozhukov2022applied,
  title={Applied Causal Inference Powered by ML and AI},
  author={Chernozhukov, Victor and others},
  year={2022},
  publisher={MIT Press}
}

@book{imbens2015causal,
  title={Causal Inference for Statistics, Social, and Biomedical Sciences: An Introduction},
  author={Imbens, Guido and Rubin, Donald},
  year={2015},
  publisher={Cambridge University Press}
}

@book{angrist2009mostly,
  title={Mostly Harmless Econometrics},
  author={Angrist, Joshua D and Pischke, Jorn-Steffen},
  year={2009},
  publisher={Princeton University Press}
}

@book{cunningham2021mixtape,
  title={Causal Inference: The Mixtape},
  author={Cunningham, Scott},
  year={2021},
  publisher={Yale University Press}
}

@article{holland1986statistics,
  title={Statistics and causal inference},
  author={Holland, Paul W.},
  journal={Journal of the American Statistical Association},
  volume={81},
  number={396},
  pages={945--960},
  year={1986}
}

@article{athey2017state,
  title={The state of applied econometrics: Causality and policy evaluation},
  author={Athey, Susan and Imbens, Guido W.},
  journal={Journal of Economic Perspectives},
  volume={31},
  number={2},
  pages={3--32},
  year={2017}
}

@article{abadie2020sampling,
  title={Sampling-Based Versus Design-Based Uncertainty in Regression Analysis},
  author={Abadie, Alberto and Athey, Susan and Imbens, Guido W. and Wooldridge, Jeffrey},
  journal={Econometrica},
  year={2020}
}

@book{hastie2009elements,
  title={The Elements of Statistical Learning},
  author={Hastie, Trevor and Tibshirani, Robert and Friedman, Jerome},
  year={2009},
  publisher={Springer}
}

@article{tibshirani1996lasso,
  title={Regression shrinkage and selection via the lasso},
  author={Tibshirani, Robert},
  journal={Journal of the Royal Statistical Society: Series B (Methodological)},
  volume={58},
  number={1},
  pages={267--288},
  year={1996}
}

@article{zou2005elasticnet,
  title={Regularization and variable selection via the elastic net},
  author={Zou, Hui and Hastie, Trevor},
  journal={Journal of the Royal Statistical Society: Series B (Statistical Methodology)},
  volume={67},
  number={2},
  pages={301--320},
  year={2005}
}

@article{belloni2014highdimensional,
  title={High-dimensional methods and inference on structural and treatment effects},
  author={Belloni, Alexandre and Chernozhukov, Victor and Hansen, Christian},
  journal={Journal of Economic Perspectives},
  volume={28},
  number={2},
  pages={29--50},
  year={2014}
}

@article{belloni2014inference,
  title={Inference on treatment effects after selection among high-dimensional controls},
  author={Belloni, Alexandre and Chernozhukov, Victor and Hansen, Christian},
  journal={The Review of Economic Studies},
  volume={81},
  number={2},
  pages={608--650},
  year={2014}
}

@article{chernozhukov2017double,
  title={Double machine learning for treatment and causal parameters},
  author={Chernozhukov, Victor and others},
  journal={Econometrica},
  volume={85},
  number={1},
  pages={53--80},
  year={2017}
}

@article{athey2019ml,
  title={Machine learning methods that economists should know about},
  author={Athey, Susan and Imbens, Guido W.},
  journal={Annual Review of Economics},
  volume={11},
  pages={685--725},
  year={2019}
}

@article{wager2018heterogeneous,
  title={Estimation and inference of heterogeneous treatment effects using random forests},
  author={Wager, Stefan and Athey, Susan},
  journal={Journal of the American Statistical Association},
  volume={113},
  number={523},
  pages={1228--1242},
  year={2018}
}

@article{imbens1994local,
  title={Identification and estimation of local average treatment effects},
  author={Imbens, Guido W and Angrist, Joshua D},
  journal={Econometrica},
  volume={62},
  number={2},
  pages={467--475},
  year={1994}
}

@article{angrist1990lifetime,
  title={Lifetime earnings and the Vietnam era draft lottery: Evidence from social security administrative records},
  author={Angrist, Joshua D},
  journal={American Economic Review},
  volume={80},
  number={3},
  pages={313--336},
  year={1990}
}

@article{angrist1995twostage,
  title={Two-Stage Least Squares Estimation of Average Causal Effects in Models with Variable Treatment Intensity},
  author={Angrist, Joshua D and Imbens, Guido W},
  journal={Journal of the American Statistical Association},
  volume={90},
  number={430},
  pages={431--442},
  year={1995}
}

@article{angrist2001instrumental,
  title={Instrumental variables and the search for identification: From supply and demand to natural experiments},
  author={Angrist, Joshua D and Krueger, Alan B},
  journal={Journal of Economic Perspectives},
  volume={15},
  number={4},
  pages={69--85},
  year={2001}
}

@article{bertrand2004trust,
  title={How much should we trust differences-in-differences estimates?},
  author={Bertrand, Marianne and Duflo, Esther and Mullainathan, Sendhil},
  journal={The Quarterly Journal of Economics},
  volume={119},
  number={1},
  pages={249--275},
  year={2004}
}

@article{wooldridge2003cluster,
  title={Cluster-sample methods in applied econometrics},
  author={Wooldridge, Jeffrey M.},
  journal={American Economic Review: Papers and Proceedings},
  volume={93},
  number={2},
  pages={133--138},
  year={2003}
}

@article{borusyak2021eventstudy,
  title={Revisiting event study designs: Robust and efficient estimation},
  author={Borusyak, Kirill and Jaravel, Xavier and Spiess, Jann},
  journal={Journal of Econometrics},
  year={2021}
}

@article{goodman2021differences,
  title={Difference-in-differences with variation in treatment timing},
  author={Goodman-Bacon, Andrew},
  journal={Journal of Econometrics},
  volume={225},
  number={2},
  pages={254--277},
  year={2021}
}

@article{abadie2003semiparametric,
  title={Semiparametric instrumental variable estimation of treatment response models},
  author={Abadie, Alberto},
  journal={Journal of Econometrics},
  volume={113},
  number={2},
  pages={231--263},
  year={2003}
}

@article{callaway2021multipletime,
  title={Difference-in-differences with multiple time periods},
  author={Callaway, Brantly and Sant’Anna, Pedro H C},
  journal={Journal of Econometrics},
  volume={225},
  number={2},
  pages={200--230},
  year={2021}
}

@article{firpo2018synthetic,
  title={Synthetic control method: Inference, sensitivity analysis, and confidence sets},
  author={Firpo, Sergio and Possebom, Vitor},
  journal={Journal of Causal Inference},
  volume={6},
  number={2},
  pages={20160026},
  year={2018}
}

@article{abadie2010synthetic,
  title={Synthetic control methods for comparative case studies: Estimating the effect of California’s tobacco control program},
  author={Abadie, Alberto and Diamond, Alexis and Hainmueller, Jens},
  journal={American Economic Review},
  volume={105},
  number={3},
  pages={391--425},
  year={2010}
}

@article{arkhangelsky2021synthetic,
  title={Synthetic difference-in-differences},
  author={Arkhangelsky, Dmitry and Athey, Susan and Hirshberg, David A and Imbens, Guido W and Wager, Stefan},
  journal={American Economic Review},
  volume={112},
  number={12},
  pages={4088--4118},
  year={2021}
}

@article{chernozhukov2024ttest,
  title={A t-test for synthetic controls},
  author={Chernozhukov, Victor and Wuthrich, Kaspar and Zhu, Yinchu},
  journal={arXiv},
  volume={1812.10820v7},
  year={2024}
}

@article{chernozhukov2018generic,
  title={Generic machine learning inference on heterogeneous treatment effects in randomized experiments, with an application to immunization in India},
  author={Chernozhukov, Victor and Demirer, Mert and Duflo, Esther and Fernández-Val, Ivan},
  journal={NBER Working Paper No. 24678},
  year={2018}
}

@article{blandhol2022tsls,
  title={When is TSLS actually LATE?},
  author={Blandhol, Christofer and Bonney, Jacob and Mogstad, Magne and Torgovitsky, Alexander},
  journal={NBER Working Paper No. 29709},
  year={2022}
}

@article{chang2019double,
  title={Double/debiased machine learning for difference-in-differences models},
  author={Chang, Nai-Chyuan},
  journal={Department of Economics, University of California, Los Angeles},
  year={2019}
}

@article{callaway2023double,
  title={Double/Debiased Machine-Learning Estimator for Difference-in-Difference with Multiple Periods},
  author={Callaway, Brantly and Drukker, David and Liu, D. and Sant’Anna, Pedro H C},
  year={2023}
}

@article{martinez2024bayesian,
  title={Bayesian and Frequentist Inference for Synthetic Controls},
  author={Martinez, Inigo and Vives-i-Bastida, Joan},
  journal={arXiv:2206.01779v3},
  year={2024}
}

@article{mena2024fuzzydid,
  title={Double Debiased Machine Learning for Fuzzy Difference-in-Differences},
  author={Mena, Andres},
  journal={Working Paper},
  year={2024}
}

@article{brand2024demand,
  title={Demand estimation using constrained Synthetic Control},
  author={Brand, James and Mena, Andres},
  journal={Working Paper},
  year={2024}
}

@article{chernozhukov2024ttest,
  title={A t-test for synthetic controls},
  author={Chernozhukov, Victor and Wuthrich, Kaspar and Zhu, Yinchu},
  journal={arXiv:1812.10820v7},
  year={2024}
}

@article{garner2024twostage,
  title={Two-Stage Differences in Differences},
  author={Gardner, John and Thakral, Neil and Tô, Linh T. and Yap, Luther},
  journal={Working Paper},
  year={2024}
}

@article{angrist1991education,
  title={Does compulsory schooling affect schooling and earnings?},
  author={Angrist, Joshua D and Krueger, Alan B},
  journal={Quarterly Journal of Economics},
  volume={106},
  number={4},
  pages={979--1014},
  year={1991}
}

@book{snow1854,
  title={On the Mode of Communication of Cholera},
  author={Snow, John},
  year={1854},
  publisher={London: John Churchill}
}

@article{wright1928,
  title={The Tariff on Animal and Vegetable Oils},
  author={Wright, Philip G.},
  journal={Quarterly Journal of Economics},
  volume={43},
  number={4},
  pages={599--607},
  year={1928}
}

@article{thistlethwaite1960,
  title={Regression-discontinuity analysis: An alternative to the ex post facto experiment},
  author={Thistlethwaite, Donald L and Campbell, Donald T},
  journal={Journal of Educational Psychology},
  volume={51},
  number={6},
  pages={309--317},
  year={1960}
}

@article{abadie2010,
  title={Synthetic control methods for comparative case studies: Estimating the effect of California’s tobacco control program},
  author={Abadie, Alberto and Diamond, Alexis and Hainmueller, Jens},
  journal={American Economic Review},
  volume={105},
  number={3},
  pages={391--425},
  year={2010}
}
@article{abadie2003,
  title={The economic costs of conflict: A case study of the Basque Country},
  author={Abadie, Alberto and Gardeazabal, Javier},
  journal={American Economic Review},
  volume={93},
  number={1},
  pages={113--132},
  year={2003},
  publisher={American Economic Association}
}
@article{neyman1923,
  title={On the application of probability theory to agricultural experiments. Essay on principles. Section 9},
  author={Neyman, Jerzy},
  year={1923},
  journal={Statistical Science},
  volume={5},
  number={4},
  pages={465--472}
}

@article{rubin1974,
  title={Estimating causal effects of treatments in randomized and nonrandomized studies},
  author={Rubin, Donald B.},
  journal={Journal of Educational Psychology},
  volume={66},
  number={5},
  pages={688},
  year={1974},
  publisher={American Psychological Association}
}

@book{banerjee2011,
  title={Poor Economics: A Radical Rethinking of the Way to Fight Global Poverty},
  author={Banerjee, Abhijit and Duflo, Esther},
  year={2011},
  publisher={PublicAffairs}
}


@book{fisher1935,
  title={The Design of Experiments},
  author={Fisher, Ronald A.},
  year={1935},
  publisher={Oliver and Boyd},
  address={Edinburgh, UK}
}

@article{chernozhukov2018double,
  title={Double/debiased machine learning for treatment and structural parameters},
  author={Chernozhukov, Victor and Chetverikov, Denis and Demirer, Mert and Duflo, Esther and Hansen, Christian and Newey, Whitney and Robins, James},
  journal={The Econometrics Journal},
  volume={21},
  number={1},
  pages={C1--C68},
  year={2018},
  publisher={Oxford University Press}
}

@article{acemoglu2001,
  title={The colonial origins of comparative development: An empirical investigation},
  author={Acemoglu, Daron and Johnson, Simon and Robinson, James A},
  journal={American Economic Review},
  volume={91},
  number={5},
  pages={1369--1401},
  year={2001},
  publisher={American Economic Association}
}


@article{card1990mariel,
  title={The impact of the Mariel boatlift on the Miami labor market},
  author={Card, David},
  journal={Industrial and Labor Relations Review},
  volume={43},
  number={2},
  pages={245--257},
  year={1990},
  publisher={SAGE Publications}
}

@article{bauer2015,
  title={Negative Experiences and Trust: A Causal Analysis of the Effects of Victimization on Generalized Trust},
  author={Paul C. Bauer},
  journal={European Sociological Review},
  volume={31},
  number={4},
  pages={397--417},
  year={2015}
}